 
 @misc{injuries,
  title={Road traffic injuries},year={2022},
  note={Last accessed 15 Jan 2022},
  howpublished = "\url{https://www.who.int/news-room/fact-sheets/detail/road-    traffic-injuries}"

}

@article{Automated,
 title = {Fully Automated Cruise Control System Using Ultrasonic Sensor},
 author = {Madhan, Harrish R. and Priya, Kavi P.},
 journal = {Biomedical \& Pharmacology},
 volume = {8},
 number = {1},
 pages = {301\-306},
 year = {2015},
 url="http://biomedpharmajournal.org/?p=1351},
 publisher = {Biomedical \& Pharmacology Journal"

}

@article{Robotic,
 title = {Remote and Autonomous Controlled Robotic Car based on Arduino with Real Time Obstacle Detection and Avoidance},
 author = {Yılmaz, E. and Özyer, Sibel T.},
 journal = {Universal Journal of Engineering Science},
 volume = {7},
 number = {1},
 pages = {1\-7},
 year = {2019},
 url="\url{10.13189/ujes.2019.070101}",
 publisher = {Horizon Research Publishing}
}

 @article{PatternMatching,
  title={Vision-based Adaptive Cruise Control using pattern matching},
  author={Kanjee, Ritesh and Bachoo, Asheer K. and Carroll, Johnson},
   volume={6},
   number={1},
  pages={93-98},
  year={2013},
DOI="https://www.researchgate.net/publication/261112107\_Vision-based\_Adaptive\_Cruise\_Contro\_using\_pattern\_matching}",

publisher = {IEEE \& ResearchGate}
}

@misc{Arduino1,
  title={Comparison of Arduino microcontrollers},
  year={2022},
  note={Last accessed 3 Feb 2022},
  howpublished = "\url{https://linuxhint.com/microcontrollers-comparison-arduino/}"
  

}
 
@misc{Arduino2,
  title={Arduino Products},
  year={2022},
  note={Last accessed 15 Jan 2022},
  howpublished = "\url{https://www.arduino.cc/en/Products/Compare}"
 
}

@misc{Arduino,
  title={Arduino UNO and Genuino UNO},
  year={2022},
  note={Last accessed 2 Feb 2022},
  howpublished = "\url{https://www.arduino.cc/en/Main/arduinoBoardUnogt;}"
  
}

@misc{UltrasonicSensor,
  title={Understanding How Ultrasonic Sensors Work},
  year={2021},
  note={Last accessed 12 Feb 2022},
  howpublished = "\url{https://www.maxbotix.com/articles/how-ultrasonic-sensors-work.htm}"
  
 
}


@misc{Bluetooth,
  title={HC-06 Bluetooth Module},
  year={2021},
  note={Last accessed 12 Feb 2022},
  howpublished = "\url{https://components101.com/wireless/hc-06-bluetooth-module-pinout-datasheet}"
  }




@misc{motordriver,
  title={What is motor driver module?},
  year={2022},
  note={Last accessed 28 Jan 2022},
 howpublished = "\url{https://askinglot.com/what-is-motor-driver-module}"

}






